@misc{cite1,
  author = {Kaggle},
  title = {{March Madness Machine Learning Mania}},
  howpublished = "\https://www.kaggle.com/c/march-machine-learning-mania-2015"
}

@misc{cite2,
  author = {Jared Forsyth, Andrew Wilde},
  title = {{A Machine Learning Approach to March Madness}},
  howpublished = "http://axon.cs.byu.edu/~martinez/classes/478/stuff/Sample_Group_Project3.pdf"
}
