@misc{cite1,
  author = {Butryn ML and Phelan S and Hill JO and Wing RR},
  title = {{Consistent self-monitoring of weight: a key component of successful weight loss maintenance}},
  howpublished = "\href{http://www.sharelatex.com}{[url]}"
}

@misc{cite2,
  author = {William C. Shiel Jr.},
  title = {{Effects of Weight Loss}},
  howpublished = "\href{http://www.sharelatex.com}{[url]}"
}

@misc{cite3,
  title = {{marketsandmarkets.com}},
  howpublished = "\href{http://www.marketsandmarkets.com/Market-Reports/weight-loss-obesity-management-market-1152.html}{[url]}"
}

@misc{cite4,
  author = {Brian Dolan},
  title = {{Fitness Tracker Market Prediction}},
  howpublished = "\href{http://mobihealthnews.com/33256/prediction-fitness-tracker-market-to-hit-2-2-billion-this-year/}{[url]}"
}

@misc{cite5,
  author = {R M Crowder},
  title = {{Tactile Sensors}},
  howpublished = "\href{http://www.southampton.ac.uk/~rmc1/robotics/artactile.htm}{[url]}"
}

@misc{cite6,
  author = {Magnet Academy},
  title = {{Wheatstone Bridge}},
  howpublished = "\href{https://nationalmaglab.org/education/magnet-academy/watch-play/interactive/wheatstone-bridge}{[url]}"
}

@misc{cite7,
  author = {E. J. Luger and M. Nissan and A. Karpf and E. L. Steinberg and S. Dekel},
  title = {{Patterns of weight distribution under the metatarsal heads}},
  howpublished = "\href{http://www.researchgate.net/publictopics.PublicPostFileLoader.html?id=5367a6e3d2fd6488428b459a&key=9c9605367a6e3e3d55}{[url]}"
}

@misc{cite8,
  author = {Wiest Pieter C},
  title = {{Weight measuring shoe having a retractable scale }},
  howpublished = "\href{http://www.google.com/patents/US20100258358}{[url]}"
}

@misc{cite9,
  author = {Rudy Guzman},
  title = {{Footwear with force sensing device }},
  howpublished = "\href{http://www.google.com/patents/US7404263}{[url]}"
}

@misc{cite10,
  author = {Nicholas A. Terrafranca JR and Majid Sarrafzadeh and Eric Collins and Foad Dabiri, Hyduke Noshadi and Tammara Massey},
  title = {{Foot pressure alert and sensing system}},
  howpublished = "\href{http://www.google.com/patents/US7726206}{[url]}"
}

@misc{cite11,
  author = {Allan M. Schrock and Matthew A. Nurse and Jeffrey C. Pisciotta and Michael S. Amos and Andrew A. Owings and James C. Meschter},
  title = {{Footwear Having Sensor System }},
  howpublished = "\href{http://www.google.com/patents/US20100063778}{[url]}"
}