%% This BibTeX bibliography file was created using BibDesk.
%% http://bibdesk.sourceforge.net/


%% Created for Amogh Param at 2015-05-31 17:34:19 -0700 


%% Saved with string encoding Unicode (UTF-8) 



@url{cite4,
	Author = {Brian Dolan},
	Date-Added = {2015-06-01 00:33:46 +0000},
	Date-Modified = {2015-06-01 00:34:19 +0000},
	Title = {Fitness Tracker Market Prediction},
	Urldate = {http://mobihealthnews.com/33256/prediction-fitness-tracker-market-to-hit-2-2-billion-this-year/}}

@url{cite3,
	Date-Added = {2015-06-01 00:33:16 +0000},
	Date-Modified = {2015-06-01 00:33:43 +0000},
	Title = {marketsandmarkets.com},
	Urldate = {http://www.marketsandmarkets.com/Market-Reports/weight-loss-obesity-management-market-1152.html}}

@url{cite2,
	Author = {William C. Shiel Jr., MD, FACP, FACR},
	Date-Added = {2015-06-01 00:32:39 +0000},
	Date-Modified = {2015-06-01 00:33:13 +0000},
	Title = {Effects of Weight Loss},
	Urldate = {http://www.medicinenet.com/weight_loss/symptoms.htm}}

@url{cite1,
	Author = { Butryn ML, Phelan S, Hill JO, Wing RR.},
	Date-Added = {2015-06-01 00:31:15 +0000},
	Date-Modified = {2015-06-01 00:32:00 +0000},
	Title = {Consistent self-monitoring of weight: a key component of successful weight loss maintenance},
	Urldate = {http://www.ncbi.nlm.nih.gov/pubmed/18198319}}
