@misc{cite1,
  author = {Kaggle},
  title = {{March Madness Machine Learning Mania}},
  howpublished = "\href{https://www.kaggle.com/c/march-machine-learning-mania-2015}{[url]}"
}

@misc{cite2,
  author = {Jared Forsyth, Andrew Wilde},
  title = {{A Machine Learning Approach to March Madness}},
  howpublished = "\href{http://axon.cs.byu.edu/~martinez/classes/478/stuff/Sample_Group_Project3.pdf}{[url]}"
}

@misc{cite3,
  author = {Laurie Zack, Ron Lamb and Sarah Ball	},
  title = {{An application of Googleâ€™s PageRank to NFL rankings}},
  howpublished = "\href{http://msp.org/involve/2012/5-4/involve-v5-n4-p07-p.pdf}{[url]}"
}

@misc{cite4,
  author = {Sara Stoudt Loren Santana Ben Baumer	},
  title = {{In Pursuit of Perfection: An Ensemble Method for Predicting March Madness Match-Up Probabilities}},
  howpublished = "\href{http://www.math.smith.edu/~bbaumer/pub/jsm2014_perfect_bracket.pdf}{[url]}"
}

@misc{cite5,
  author = {Rudy Guzman},
  title = {{Footwear with force sensing device }},
  howpublished = "\href{http://www.google.com/patents/US7404263}{[url]}"
}